@inbook{unix,
   bookauthor = {Ю. Вахалия},
   booktitle = {UNIX изнутри},
   publisher = {-- СПб.: Питер, 2003 -- 844 с.},
   language = {russian},
}

@inbook{unixrob,
   bookauthor = {А. М. Робачевский and С. А. Немнюгин and О. Л. Стесик},
   booktitle = {Операционная система UNIX},
   publisher = {-- СПб.: БХВ-Петербург, 2010 -- 656 с.},
   edition = {2},
   language = {russian},
}

@inbook{windows,
   bookauthor = {М. Руссинович and Д. Соломон},
   booktitle = {ВНУТРЕННЕЕ УСТРОЙСТВО Microsoft Windows},
   publisher = {-- СПб.: Питер, 2013 -- 800 с.},
   edition = {6},
   language = {russian},
}
